<?xml version="1.0" encoding="UTF-8"?><collection xmlns="http://www.loc.gov/MARC21/slim"><record><leader>00464nam--2200169-i-4500</leader><controlfield tag="001">000039589</controlfield><controlfield tag="002">20161230</controlfield><controlfield tag="005">20161230201042</controlfield><controlfield tag="008">060222s1000------------r-----000-0-eng-d</controlfield><datafield ind1=" " ind2=" " tag="040"><subfield code="a">IFIN-HH</subfield></datafield><datafield ind1=" " ind2=" " tag="080"><subfield code="a">539.2:536.631</subfield></datafield><datafield ind1="1" ind2=" " tag="100"><subfield code="a">Rosenberg, H.M</subfield></datafield><datafield ind1="1" ind2="0" tag="245"><subfield code="a">Low temperature solid state physics</subfield><subfield code="b">Some selected topics</subfield><subfield code="c">H.m. rosenberg</subfield></datafield><datafield ind1=" " ind2=" " tag="260"><subfield code="a">Oxford</subfield><subfield code="b">Clarendon Press</subfield><subfield code="c">1963</subfield></datafield><datafield ind1=" " ind2=" " tag="300"><subfield code="a">XVI + 420P</subfield></datafield><datafield ind1=" " ind2=" " tag="852"><subfield code="a">19396</subfield><subfield code="c">539.2</subfield></datafield><datafield ind1=" " ind2=" " tag="CAT"><subfield code="a">Sys</subfield><subfield code="c">20121011</subfield><subfield code="h">101655</subfield></datafield></record></collection>